@misc{ circle_hough_transform ,
    author = "{Utkarsh Sinha}",
    title = "Circle Hough Transform",
    howpublished = {\url{https://www.aishack.in/tutorials/circle-hough-transform/}},
    note = "[NOT Online; available via web.archive.org]",
}